@book{montaje,
  title={Montaje y mantenimiento de equipos 2},
  author={Manjavacas Zarco, Custodia and MART{\'I}N M{\'A}RQUEZ, PEDRO LUIS and OLIVA HABA, JOS{\'E} RAM{\'O}N},
  year={2014},
  publisher={Ediciones Paraninfo, SA}
}

@phdthesis{gonzalez,
  title={Desarrollo de t{\'e}cnicas de miner{\'\i}a de datos en procesos industriales: modelizaci{\'o}n en l{\'\i}neas de producci{\'o}n de acero},
  author={Marcos, Ana Gonz{\'a}lez},
  year={2006},
  school={Universidad de La Rioja}
}

@book{1999,
  title={technologies, techniques, tools, and Trends},
  author={Thuraisingham, Bhavani and Maning, Data},
  year={1999},
  publisher={CRC press}
}

@misc{Poll,
author = {KDnuggets},
title = {Poll: Data mining tools you regularly use},
howpublished = {\url{https://bit.ly/3CA7RKZ}},
year = {2002},
note = {(Accessed on 11/19/2021)}
}

@article{vazquez,
  title={Tecnolog{\'\i}as de almacenamiento de informaci{\'o}n en el ambiente digital},
  author={V{\'a}zquez-Moctezuma, Salvador E},
  journal={e-Ciencias de la Informaci{\'o}n},
  pages={1--18},
  year={2015}
}

@inproceedings{gopala,
  title={Highly-scalable novel access device based on mixed ionic electronic conduction (MIEC) materials for high density phase change memory (PCM) arrays},
  author={Gopalakrishnan, K and Shenoy, RS and Rettner, CT and Virwani, K and Bethune, DS and Shelby, RM and Burr, GW and Kellock, A and King, RS and Nguyen, K and others},
  booktitle={2010 Symposium on VLSI Technology},
  pages={205--206},
  year={2010},
  organization={IEEE}
}

@article{yoon2013integrated,
  title={An integrated memory-disk system with buffering adapter and non-volatile memory},
  author={Yoon, Su-Kyung and Bian, Mei-Ying and Kim, Shin-Dug},
  journal={Design Automation for Embedded Systems},
  volume={17},
  number={3},
  pages={609--626},
  year={2013},
  publisher={Springer}
}

@article{sadlier,
  title={Storage Area Networks: An Information Security Perspective},
  author={Sadlier, George},
  journal={Inf. Secur. J. A Glob. Perspect.},
  volume={12},
  number={5},
  pages={29--41},
  year={2003},
  publisher={Taylor \& Francis}
}

@book{fur,
  title={Handbook of data intensive computing},
  author={Furht, Borko and Escalante, Armando},
  year={2011},
  publisher={Springer Science \& Business Media}
}