@misc{on,
author = {Emily McLaughlin Coravin},
title = {Recopilación de datos: métodos, desafíos y pasos clave},
url = {www.techtarget.com/searchcio/definition/
data-collection},
month = {},
year = {},
note = {(Accessed on 08/30/2022)}
}

@article{apaza,
  title={Implementaci{\'o}n de algoritmos gen{\'e}ticos para la segmentaci{\'o}n de im{\'a}genes satelitales por conglomerados de la regi{\'o}n Puno-2013},
  author={Apaza Tito, Meliton},
  year={2014},
  publisher={Universidad Nacional del Altiplano},
  url={http://repositorio.unap.edu.pe/
  handle/UNAP/4875}
}
@article{castro,
  title={Aplicaci{\'o}n de algoritmos inteligentes para reconocimiento autom{\'a}tico de enfermedades foliares de cultivo de palta.},
  author={Castro Alvarez, Gregorio Tomas},
  year={2019},
  publisher={Universidad Nacional de Moquegua},
  url={http://repositorio.unam.edu.pe/
  handle/UNAM/98}
}