@article{internet,
  author={Shafique, Kinza and Khawaja, Bilal A. and Khurram, Muhammad Daniyal and Sibtain, Syed Maaz and Siddiqui, Yazir and Mustaqim, Muhammad and Chattha, Hassan Tariq and Yang, Xiaodong},
  journal={International Journal of Computer Applications}, 
  title={Cosecha de energ√≠a usando una Rectenna de bajo costo para aplicaciones de Internet de las cosas (IoT)}, 
  year={2018},
  volume={6},
  pages = {30932-30941},
  doi={10.1109/ACCESO.2018.2834392}}

@article{eliptic,
  title={Elliptic curve cryptography for securing cloud computing applications},
  author={Alowolodu, OD and Alese, BK and Adetunmbi, AO and Adewale, OS and Ogundele, OS},
  journal={International Journal of Computer Applications},
  volume={66},
  number={23},
  year={2013},
  publisher={Foundation of Computer Science},
  doi={10.5120/11254-5818}

}

@article{natural,
  title={Natural language processing technologies in radiology research and clinical applications},
  author={Cai, Tianrun and Giannopoulos, Andreas A and Yu, Sheng and Kelil, Tatiana and Ripley, Beth and Kumamaru, Kanako K and Rybicki, Frank J and Mitsouras, Dimitrios},
  journal={Radiographics},
  volume={36},
  number={1},
  pages={176},
  year={2016},
  publisher={Radiological Society of North America},
  doi={10.1148/rg.2016150080}
}

@article{machine,
  title={Machine learning applications for precision agriculture: A comprehensive review},
  author={Sharma, Abhinav and Jain, Arpit and Gupta, Prateek and Chowdary, Vinay},
  journal={IEEE Access},
  volume={9},
  pages={4843--4873},
  year={2020},
  publisher={IEEE},
  doi={10.1109/ACCESO.2020.3048415}
}

@article{artificial,
  title={Artificial intelligence applications in solid waste management: A systematic research review},
  author={Abdallah, Mohamed and Talib, Manar Abu and Feroz, Sainab and Nasir, Qassim and Abdalla, Hadeer and Mahfood, Bayan},
  journal={Waste Management},
  volume={109},
  pages={231--246},
  year={2020},
  publisher={Elsevier},
  doi={https://doi.org/10.1016/j.wasman.2020.04.057}
}