@INPROCEEDINGS{energia, 
author={Broadwater,R.P. and Thompson,J.C. and McDermott, T.E.},  booktitle={[Proceedings] Conference Papers 1991 Power Industry Computer Application Conference},
title={Pointers and linked lists in electric power distribution circuit analysis},  year={1991},
volume={},
number={},
pages={16-21},
doi={10.1109/PICA.1991.160646}}

@article{semi,
  title={A semi-spring and semi-edge combined contact model in CDEM and its application to analysis of Jiweishan landslide},
  author={Feng, Chun and Li, Shihai and Liu, Xiaoyu and Zhang, Yanan},
  journal={Journal of Rock Mechanics and Geotechnical Engineering},
  volume={6},
  number={1},
  pages={26--35},
  year={2014},
  publisher={Elsevier}
}

@inproceedings{lu,
  title={The application of association rules algorithm on web search engine},
  author={Lu, Nan and Zhou, Chun-Guang and Cui, Lai-Zhong},
  booktitle={2009 International Conference on Computational Intelligence and Security},
  volume={2},
  pages={102--108},
  year={2009},
  organization={IEEE}
}

@inproceedings{faro,
  title={Managing long linked lists using lock-free techniques},
  author={Farook, Mohammad and Graham, Peter},
  booktitle={High Performance Computing Systems and Applications},
  pages={407--422},
  year={1998},
  organization={Springer}
}

@inproceedings{arda,
  title={Performance prediction of cloud-based big data applications},
  author={Ardagna, Danilo and Barbierato, Enrico and Evangelinou, Athanasia and Gianniti, Eugenio and Gribaudo, Marco and Pinto, T{\'u}lio BM and Guimar{\~a}es, Anna and Couto da Silva, Ana Paula and Almeida, Jussara M},
  booktitle={Proceedings of the 2018 ACM/SPEC International Conference on Performance Engineering},
  pages={192--199},
  year={2018}
}

@article{ro,
  title={Replicated abstract data types: Building blocks for collaborative applications},
  author={Roh, Hyun-Gul and Jeon, Myeongjae and Kim, Jin-Soo and Lee, Joonwon},
  journal={Journal of Parallel and Distributed Computing},
  volume={71},
  number={3},
  pages={354--368},
  year={2011},
  publisher={Elsevier}
}